Cable Driven Parallel Robots: Theory and Applications
@book{bib:cdpr:cable_driven_parallel_robots_theory_and_application,
  title={Cable-Driven Parallel Robots: Theory and Application},
  author={Pott, Andreas},
  volume={120},
  year={2018},
  publisher={Springer}
}

Optimal Path Planning and Reconfiguration Strategy for Reconfigurable
Cable-Driven Parallel Robots
@article{bib:cdpr:optimal_path_planning_and_reconfiguration_strategy_for_reconfigurable_cable-driven_parallel_robots,
	title={Optimal Path Planning and Reconfiguration Strategy for Reconfigurable Cable-Driven Parallel Robots},
	author={Gagliardini, L. and Caro, S. and Gouttefarde, M}
}

Cable-Driven Parallel Robots Proceedings of the Second International Conference on Cable-Driven Parallel Robots
@book{bib:cdpr:cdpr_proceedings_2,
	title={Proceedings of the Second International Conference on Cable-Driven Parallel Robots},
	author={Pott, A. and Bruckmann T.},
	publisher={Springer},
	year={2015}
}

Cable-Driven Parallel Robots Proceedings of the Third International Conference on Cable-Driven Parallel Robots
@book{bib:cdpr:cdpr_proceedings_3,
	title={Proceedings of the Third International Conference on Cable-Driven Parallel Robots},
	author={Gosselin, C. and Cardou, P. and Bruckmann, T. and Pott, A.},
	publisher={Springer},
	year={2018}
}

On the Improvement of Cable Collision Detection Algorithms
@incollection{bib:cdpr:on_the_improvement_of_cable_collision_detection_algorithms,
  title={On the improvement of cable collision detection algorithms},
  author={Nguyen, Dinh Quan and Gouttefarde, Marc},
  booktitle={Cable-Driven Parallel Robots},
  pages={29--40},
  year={2015},
  publisher={Springer}
}

ARACHNIS: Analysis of Robots Actuated by Cables with Handy and Neat Interface Software
@incollection{bib:cdpr:arachnis:_analysis_of_robots_actuated_by_cables_with_handy_and_neat_interface_software,
  title={Arachnis: Analysis of robots actuated by cables with handy and neat interface software},
  author={Ruiz, Ana Lucia Cruz and Caro, St{\'e}phane and Cardou, Philippe and Guay, Fran{\c{c}}ois},
  booktitle={Cable-Driven Parallel Robots},
  pages={293--305},
  year={2015},
  publisher={Springer}
}

A Reconfigurable Cable-Driven Parallel Parallel Robot for Sandblasting and Painting of Large Structures
@incollection{bib:cdpr:a_reconfigurable_cable-driven_parallel_parallel_robot_for_sandblasting_and_painting_of_large_structures,
  title={A reconfigurable cable-driven parallel robot for sandblasting and painting of large structures},
  author={Gagliardini, Lorenzo and Caro, St{\'e}phane and Gouttefarde, Marc and Wenger, Philippe and Girin, Alexis},
  booktitle={Cable-Driven Parallel Robots},
  pages={275--291},
  year={2015},
  publisher={Springer}
}

On the ability of a cable-driven robot to generate a prescribed set of wrenches
@article{bib:cdpr:on_the_ability_of_a_cable_driven_robot_to_generate_a_prescribed_set_of_wrenches,
  title={On the ability of a cable-driven robot to generate a prescribed set of wrenches},
  author={Bouchard, Samuel and Gosselin, Cl{\'e}ment and Moore, Brian},
  journal={Journal of Mechanisms and Robotics},
  volume={2},
  number={1},
  pages={011010},
  year={2010},
  publisher={American Society of Mechanical Engineers}
}

Cable-driven parallel robots
@book{bib:cdpr:cable-driven_parallel_robots,
  title={Cable-driven parallel robots},
  author={Bruckmann, Tobias and Pott, Andreas},
  volume={12},
  year={2012},
  publisher={Springer}
}

Measuring how well a structure supports varying external wrenches
@incollection{bib:cdpr:measuring_how_well_a_structure_supports_varying_external_wrenches,
  title={Measuring how well a structure supports varying external wrenches},
  author={Guay, Fran{\c{c}}ois and Cardou, Philippe and Cruz-Ruiz, Ana Lucia and Caro, St{\'e}phane},
  booktitle={New Advances in Mechanisms, Transmissions and Applications},
  pages={385--392},
  year={2014},
  publisher={Springer}
}

Geometric determination of the interference-free constant-orientation workspace of parallel cable-driven mechanisms
@article{geometric_determination_of_the_interference-free_constant-orientation_workspace_of_parallel_cable-bib:cdpr:driven_mechanisms,
  title={Geometric determination of the interference-free constant-orientation workspace of parallel cable-driven mechanisms},
  author={Perreault, Simon and Cardou, Philippe and Gosselin, Cl{\'e}ment M and Otis, Martin J-D},
  journal={Journal of Mechanisms and Robotics},
  volume={2},
  number={3},
  pages={031016},
  year={2010},
  publisher={American Society of Mechanical Engineers}
}
