Topology of Surfaces
@misc{bib:math:topology_of_surfaces,
  title={Topology of Surfaces, Undergraduate Texts in Mathematics},
  author={Kinsey, L Christine},
  year={1993},
  publisher={Springer-Verlag New York}
}

Introduction to Interval Analysis
@book{bib:math:introduction_to_interval_analysis,
  title={Introduction to interval analysis},
  author={Moore, Ramon E and Kearfott, R Baker and Cloud, Michael J},
  volume={110},
  year={2009},
  publisher={Siam}
}

A trust region method based on interior point techniques for nonlinear programming
@article{bib:math:a_trust_region_method_based_on_interior_point_techniques_for_nonlinear_programming,
  title={A trust region method based on interior point techniques for nonlinear programming},
  author={Byrd, Richard H and Gilbert, Jean Charles and Nocedal, Jorge},
  journal={Mathematical Programming},
  volume={89},
  number={1},
  pages={149--185},
  year={2000},
  publisher={Springer}
}
