Planning Algorithms
@book{bib:planning:planning_algorithms,
  title={Planning algorithms},
  author={LaValle, Steven M},
  year={2006},
  publisher={Cambridge university press}
}
