Trajectory Planning for Automatic Machines and Robots
@book{bib:traj:trajectory_planning_for_automatic_machines_and_robots,
  title={Trajectory planning for automatic machines and robots},
  author={Biagiotti, Luigi and Melchiorri, Claudio},
  year={2008},
  publisher={Springer Science \& Business Media}
}

Handbook on Splines for the User
@book{bib:traj:handbook_on_splines_for_the_user,
  title={Handbook on Splines for the User},
  author={Shikin, Eugene V and Plis, Alexander I},
  year={1995},
  publisher={CRC Press}
}

Cam mechanisms (bookref 14)
@book{bib:traj:cam_mechanisms,
  title={Cam mechanisms},
  author={Koloc, Zden{\v{e}}k and V{\'a}clav{\'\i}k, Miroslav},
  volume={14},
  year={1993},
  publisher={Elsevier Science Limited}
}
